[
  {
    "image": "https://boots.scene7.com/is/image/Boots/10283567?id=-Klmv1&fmt=jpg&fit=constrain,1&wid=504&hei=548",
    "onOffer": "Offer",
    "title": "Soltan Kids Once 8hr Protect & Play Lotion SPF50+ 200ml",
    "starRating": "4.1 (out of 5) Star Rating",
    "nubOfReviews": "(58)",
    "promotionLinkText": "Save 10 percent on selected Boots Brand with your Advantage Card",
    "price": "£10.00",
    "mlAndPricePer100ml": "200ML | £5.00 per 100ML",
    "inStock": true,
    "CTA": "Add"
  },
  {
    "image": "https://boots.scene7.com/is/image/Boots/10283565?id=-Klmv1&fmt=jpg&fit=constrain,1&wid=504&hei=548",
    "onOffer": "Offer",
    "title": "Soltan Kids Protect & Moisturise Lotion SPF50+ 200ml",
    "starRating": "4.4 (out of 5) Star Rating",
    "nubOfReviews": "(45)",
    "promotionLinkText": "Save 10 percent on selected Boots Brand with your Advantage Card",
    "price": "£3.89",
    "mlAndPricePer100ml": "200ML | £1.95 per 100ML",
    "inStock": false,
    "CTA": "Stock coming soon"
  },
  {
    "image": "https://boots.scene7.com/is/image/Boots/10245683?id=-Klmv1&fmt=jpg&fit=constrain,1&wid=504&hei=548",
    "onOffer": "Offer",
    "title": "Soltan Protect & Moisturise Lotion SPF30 400ml",
    "starRating": "4.15 (out of 5) Star Rating",
    "nubOfReviews": "(26)",
    "promotionLinkText": "Save 10 percent on selected Boots Brand with your Advantage Card",
    "price": "£7.50",
    "mlAndPricePer100ml": "400ML | £1.88 per 100ML",
    "inStock": true,
    "CTA": "Add"
  },
  {
    "image": "https://boots.scene7.com/is/image/Boots/10304762?id=-Klmv1&fmt=jpg&fit=constrain,1&wid=504&hei=548",
    "onOffer": "Offer",
    "title": "Soltan Clear and Cool Protect Suncare Mist SPF50 200ml",
    "starRating": "4.14 (out of 5) Star Rating",
    "nubOfReviews": "(80)",
    "promotionLinkText": "Save 10 percent on selected Boots Brand with your Advantage Card",
    "price": "£7.00",
    "mlAndPricePer100ml": "200ML | £3.50 per 100ML",
    "inStock": true,
    "CTA": "Add"
  },
  {
    "image": "https://boots.scene7.com/is/image/Boots/10281413?id=-Klmv1&fmt=jpg&fit=constrain,1&wid=504&hei=548",
    "onOffer": "Offer",
    "title": "Soltan Kids Protect & Moisturise Suncare Roll On SPF50+ 50ml",
    "starRating": "4.73 (out of 5) Star Rating",
    "nubOfReviews": "(79)",
    "promotionLinkText": "2 for £5 on Soltan Kids Protect And Moisturise Suncare Roll On SPF50 50ml",
    "price": "£3.50",
    "mlAndPricePer100ml": "50ML | £7.00 per 100ML",
    "inStock": true,
    "CTA": "Add"
  },
  {
    "image": "https://boots.scene7.com/is/image/Boots/10245670?id=-Klmv1&fmt=jpg&fit=constrain,1&wid=504&hei=548",
    "onOffer": "Offer",
    "title": "Soltan Kids Once 3hr Waterplay Spray SPF50+ 200ml",
    "starRating": "3.64 (out of 5) Star Rating",
    "nubOfReviews": "(75)",
    "promotionLinkText": "Save 10 percent on selected Boots Brand with your Advantage Card",
    "price": "£10.00",
    "mlAndPricePer100ml": "200ML | £5.00 per 100ML",
    "inStock": true,
    "CTA": "Add"
  },
  {
    "image": "https://boots.scene7.com/is/image/Boots/10245680?id=-Klmv1&fmt=jpg&fit=constrain,1&wid=504&hei=548",
    "onOffer": "Offer",
    "title": "Soltan Protect & Moisturise Lotion SPF30 200ml",
    "starRating": "3.87 (out of 5) Star Rating",
    "nubOfReviews": "(99)",
    "promotionLinkText": "Save 10 percent on selected Boots Brand with your Advantage Card",
    "price": "£3.89",
    "mlAndPricePer100ml": "200ML | £1.95 per 100ML",
    "inStock": true,
    "CTA": "Add"
  },
  {
    "image": "https://boots.scene7.com/is/image/Boots/10291526?id=-Klmv1&fmt=jpg&fit=constrain,1&wid=504&hei=548",
    "onOffer": "Offer",
    "title": "Soltan Clear & Cool Protect Suncare Mist SPF30 200ml",
    "starRating": "4.1 (out of 5) Star Rating",
    "nubOfReviews": "(70)",
    "promotionLinkText": "Save 10 percent on selected Boots Brand with your Advantage Card",
    "price": "£7.00",
    "mlAndPricePer100ml": "200ML | £3.50 per 100ML",
    "inStock": true,
    "CTA": "Add"
  },
  {
    "image": "https://boots.scene7.com/is/image/Boots/10245738?id=-Klmv1&fmt=jpg&fit=constrain,1&wid=504&hei=548",
    "onOffer": "Offer",
    "title": "Soltan Soothe & Moisturise Aftersun With Insect Repellent 400ml",
    "starRating": "3.84 (out of 5) Star Rating",
    "nubOfReviews": "(100)",
    "promotionLinkText": "Save 10 percent on selected Boots Brand with your Advantage Card",
    "price": "£10.00",
    "mlAndPricePer100ml": "400ML | £2.50 per 100ML",
    "inStock": true,
    "CTA": "Add"
  },
  {
    "image": "https://boots.scene7.com/is/image/Boots/10311339?id=-Klmv1&fmt=jpg&fit=constrain,1&wid=504&hei=548",
    "onOffer": "Offer",
    "title": "Soltan Once Age Defence Advanced 8hr Protect Facial Suncare cream with Hyaluronic acid SPF50+ 50ml",
    "starRating": "4.63 (out of 5) Star Rating",
    "nubOfReviews": "(46)",
    "promotionLinkText": "Save 10 percent on selected Boots Brand with your Advantage Card",
    "price": "£10.00",
    "mlAndPricePer100ml": "50ML | £20.00 per 100ML",
    "inStock": true,
    "CTA": "Add"
  },
  {
    "image": "https://boots.scene7.com/is/image/Boots/10317799?id=-Klmv1&fmt=jpg&fit=constrain,1&wid=504&hei=548",
    "onOffer": "Offer",
    "title": "Soltan Essentials Family Pack",
    "starRating": "4.75 (out of 5) Star Rating",
    "nubOfReviews": "(4)",
    "promotionLinkText": "Save 10 percent on selected Boots Brand with your Advantage Card",
    "price": "£22.00",
    "mlAndPricePer100ml": "",
    "inStock": true,
    "CTA": "Add"
  },
  {
    "image": "https://boots.scene7.com/is/image/Boots/10317398?id=-Klmv1&fmt=jpg&fit=constrain,1&wid=504&hei=548",
    "onOffer": "Offer",
    "title": "Soltan Kids Once Suncare Roll On SPF50+ 50ml",
    "starRating": "5.0 (out of 5) Star Rating",
    "nubOfReviews": "(6)",
    "promotionLinkText": "2 for £10 on Soltan Kids Once Suncare Roll On SPF50 50ml",
    "price": "£6.50",
    "mlAndPricePer100ml": "50ML | £13.00 per 100ML",
    "inStock": true,
    "CTA": "Add"
  },
  {
    "image": "https://boots.scene7.com/is/image/Boots/10245732?id=-Klmv1&fmt=jpg&fit=constrain,1&wid=504&hei=548",
    "onOffer": "Offer",
    "title": "Soltan Soothe & Moisturise Aftersun Lotion 200ml",
    "starRating": "4.55 (out of 5) Star Rating",
    "nubOfReviews": "(29)",
    "promotionLinkText": "Save 10 percent on selected Boots Brand with your Advantage Card",
    "price": "£3.89",
    "mlAndPricePer100ml": "200ML | £1.95 per 100ML",
    "inStock": true,
    "CTA": "Add"
  },
  {
    "image": "https://boots.scene7.com/is/image/Boots/10247365?id=-Klmv1&fmt=jpg&fit=constrain,1&wid=504&hei=548",
    "onOffer": "Offer",
    "title": "Soltan Once Family Pack",
    "starRating": "3.37 (out of 5) Star Rating",
    "nubOfReviews": "(94)",
    "promotionLinkText": "Save 10 percent on selected Boots Brand with your Advantage Card",
    "price": "£27.00",
    "mlAndPricePer100ml": "600ML | £4.50 per 100ML",
    "inStock": true,
    "CTA": "Add"
  },
  {
    "image": "https://boots.scene7.com/is/image/Boots/10245679?id=-Klmv1&fmt=jpg&fit=constrain,1&wid=504&hei=548",
    "onOffer": "Offer",
    "title": "Soltan Protect & Moisturise Lotion SPF15 200ml",
    "starRating": "4.84 (out of 5) Star Rating",
    "nubOfReviews": "(32)",
    "promotionLinkText": "Save 10 percent on selected Boots Brand with your Advantage Card",
    "price": "£3.89",
    "mlAndPricePer100ml": "200ML | £1.95 per 100ML",
    "CTA": "Add"
  },
  {
    "image": "https://boots.scene7.com/is/image/Boots/10283584?id=-Klmv1&fmt=jpg&fit=constrain,1&wid=504&hei=548",
    "onOffer": "Offer",
    "title": "Soltan Kids Protect & Moisturise Lotion SPF50+ 400ml",
    "starRating": "5.0 (out of 5) Star Rating",
    "nubOfReviews": "(5)",
    "promotionLinkText": "Save 10 percent on selected Boots Brand with your Advantage Card",
    "price": "£7.50",
    "mlAndPricePer100ml": "400ML | £1.88 per 100ML",
    "inStock": true,
    "CTA": "Add"
  },
  {
    "image": "https://boots.scene7.com/is/image/Boots/10283566?id=-Klmv1&fmt=jpg&fit=constrain,1&wid=504&hei=548",
    "onOffer": "Offer",
    "title": "Soltan Kids Once 3hr Waterplay Lotion SPF50+ 200ml",
    "starRating": "4.7 (out of 5) Star Rating",
    "nubOfReviews": "(40)",
    "promotionLinkText": "Save 10 percent on selected Boots Brand with your Advantage Card",
    "price": "£10.00",
    "mlAndPricePer100ml": "200ML | £5.00 per 100ML",
    "inStock": true,
    "CTA": "Add"
  },
  {
    "image": "https://boots.scene7.com/is/image/Boots/10283569?id=-Klmv1&fmt=jpg&fit=constrain,1&wid=504&hei=548",
    "onOffer": "Offer",
    "title": "Soltan Once Lotion SPF50+ 200ml",
    "starRating": "4.67 (out of 5) Star Rating",
    "nubOfReviews": "(12)",
    "promotionLinkText": "Save 10 percent on selected Boots Brand with your Advantage Card",
    "price": "£10.00",
    "mlAndPricePer100ml": "200ML | £5.00 per 100ML",
    "inStock": true,
    "CTA": "Add"
  },
  {
    "image": "https://boots.scene7.com/is/image/Boots/10245686?id=-Klmv1&fmt=jpg&fit=constrain,1&wid=504&hei=548",
    "onOffer": "Offer",
    "title": "Soltan Protect & Moisturise Spray SPF50+ 200ml",
    "starRating": "4.79 (out of 5) Star Rating",
    "nubOfReviews": "(24)",
    "promotionLinkText": "Save 10 percent on selected Boots Brand with your Advantage Card",
    "price": "£4.45",
    "mlAndPricePer100ml": "200ML | £2.23 per 100ML",
    "inStock": true,
    "CTA": "Stock coming soon"
  },
  {
    "image": "https://boots.scene7.com/is/image/Boots/10283580?id=-Klmv1&fmt=jpg&fit=constrain,1&wid=504&hei=548",
    "onOffer": "Offer",
    "title": "Soltan Kids Sensitive & Sun Allergy Protect Lotion SPF50+ 200ml",
    "starRating": "4.22 (out of 5) Star Rating",
    "nubOfReviews": "(9)",
    "promotionLinkText": "Save 10 percent on selected Boots Brand with your Advantage Card",
    "price": "£6.55",
    "mlAndPricePer100ml": "200ML | £3.28 per 100ML",
    "inStock": true,
    "CTA": "Add"
  },
  {
    "image": "https://boots.scene7.com/is/image/Boots/10290052?id=-Klmv1&fmt=jpg&fit=constrain,1&wid=504&hei=548",
    "onOffer": "Offer",
    "title": "Soltan Soothe & Cool Aftersun Mist 200ml",
    "starRating": "4.66 (out of 5) Star Rating",
    "nubOfReviews": "(38)",
    "promotionLinkText": "Save 10 percent on selected Boots Brand with your Advantage Card",
    "price": "£5.00",
    "mlAndPricePer100ml": "200ML | £2.50 per 100ML",
    "inStock": true,
    "CTA": "Add"
  },
  {
    "image": "https://boots.scene7.com/is/image/Boots/10283563?id=-Klmv1&fmt=jpg&fit=constrain,1&wid=504&hei=548",
    "onOffer": "Offer",
    "title": "Soltan Protect & Moisturise Baby Lotion SPF50+ 200ml",
    "starRating": "4.29 (out of 5) Star Rating",
    "nubOfReviews": "(7)",
    "promotionLinkText": "Save 10 percent on selected Boots Brand with your Advantage Card",
    "price": "£6.50",
    "mlAndPricePer100ml": "200ML | £3.25 per 100ML",
    "inStock": true,
    "CTA": "Add"
  },
  {
    "image": "https://boots.scene7.com/is/image/Boots/10245716?id=-Klmv1&fmt=jpg&fit=constrain,1&wid=504&hei=548",
    "onOffer": "Offer",
    "title": "Soltan Protect & Tan Lotion SPF30 200ml",
    "starRating": "4.23 (out of 5) Star Rating",
    "nubOfReviews": "(22)",
    "promotionLinkText": "Save 10 percent on selected Boots Brand with your Advantage Card",
    "price": "£6.55",
    "mlAndPricePer100ml": "200ML | £3.28 per 100ML",
    "inStock": true,
    "CTA": "Add"
  },
  {
    "image": "https://boots.scene7.com/is/image/Boots/10311341?id=-Klmv1&fmt=jpg&fit=constrain,1&wid=504&hei=548",
    "onOffer": "Offer",
    "title": "Soltan Age Defence Advanced 8hr Protect Facial Sun Care SPF30 50ml",
    "starRating": "4.0 (out of 5) Star Rating",
    "nubOfReviews": "(9)",
    "promotionLinkText": "Save 10 percent on selected Boots Brand with your Advantage Card",
    "price": "£10.00",
    "mlAndPricePer100ml": "50ML | £20.00 per 100ML",
    "inStock": true,
    "CTA": "Add"
  }
]